@book {BondyMurty,
    AUTHOR = {Bondy, J. A. and Murty, U. S. R.},
     TITLE = {Graph theory},
    SERIES = {Graduate Texts in Mathematics},
    VOLUME = {244},
 PUBLISHER = {Springer, New York},
      YEAR = {2008},
     PAGES = {xii+651},
      ISBN = {978-1-84628-969-9},
   MRCLASS = {05-01 (05Cxx)},
  MRNUMBER = {2368647},
MRREVIEWER = {Arthur M. Hobbs},
       DOI = {10.1007/978-1-84628-970-5},
       URL = {https://doi.org/10.1007/978-1-84628-970-5},
}

@article {Goring,
    AUTHOR = {G\"{o}ring, F.},
     TITLE = {Short proof of {M}enger's theorem},
   JOURNAL = {Discrete Math.},
  FJOURNAL = {Discrete Mathematics},
    VOLUME = {219},
      YEAR = {2000},
    NUMBER = {1-3},
     PAGES = {295--296},
      ISSN = {0012-365X},
   MRCLASS = {05C40 (05C20)},
  MRNUMBER = {1761733},
       DOI = {10.1016/S0012-365X(00)00088-1},
       URL = {https://doi.org/10.1016/S0012-365X(00)00088-1},
}

@book{Bollobas,
  title={Modern Graph Theory},
  author={Bollob{\'a}s, B. and Bollobas, B. and Axler, S.J. and Gehring, F.W. and s, B.B. and Halmos, P.R.},
  isbn={9780387984889},
  lccn={98011960},
  series={Graduate Texts in Mathematics},
  url={https://books.google.com.br/books?id=SbZKSZ-1qrwC},
  year={1998},
  publisher={Springer New York}
}

@book{BollobasI,
  address = {Heidelberg},
  author = {Bollobás, Béla},
  biburl = {https://www.bibsonomy.org/bibtex/25a262529090bf388992c794162c8044f/rincedd},
  edition = {corrected},
  interhash = {4a6a449570484d4432128b5595ada1fa},
  intrahash = {5a262529090bf388992c794162c8044f},
  isbn = {038-7-98488-7},
  keywords = {graph-theory graphs networks},
  publisher = {Springer},
  series = {Graduate texts in mathematics},
  timestamp = {2011-06-28T13:45:21.000+0200},
  title = {Modern Graph Theory},
  year = 1998
}

